<record><leader>00000cas a22000007a 4500</leader><controlfield tag="001">19844725</controlfield><controlfield tag="008">890610c19529999njuwr ne      0    0eng d</controlfield><datafield ind1=" " ind2=" " tag="010"><subfield code="a">sn 88071157 </subfield></datafield><datafield ind1=" " ind2=" " tag="040"><subfield code="a">NJW</subfield><subfield code="b">eng</subfield><subfield code="c">NJW</subfield><subfield code="d">OCLCQ</subfield></datafield><datafield ind1=" " ind2=" " tag="042"><subfield code="a">msc</subfield></datafield><datafield ind1="0" ind2=" " tag="130"><subfield code="a">Irvington herald (Irvington, N.J. : 1952)</subfield></datafield><datafield ind1="1" ind2="0" tag="245"><subfield code="a">Irvington herald.</subfield></datafield><datafield ind1=" " ind2=" " tag="260"><subfield code="a">Irvington, N.J. :</subfield><subfield code="b">Irvington Herald, Inc.,</subfield><subfield code="c">1952-</subfield></datafield><datafield ind1=" " ind2=" " tag="310"><subfield code="a">Weekly</subfield></datafield><datafield ind1="0" ind2=" " tag="362"><subfield code="a">Vol. 41, no. 1 (Apr. 17, 1952)-</subfield></datafield><datafield ind1=" " ind2=" " tag="580"><subfield code="a">Section Two of this newspaper is called: Essex journal (Orange, N.J.), and serves as the second section for several Essex County, N.J. newspapers.</subfield></datafield><datafield ind1=" " ind2=" " tag="752"><subfield code="a">United States</subfield><subfield code="b">New Jersey</subfield><subfield code="c">Essex</subfield><subfield code="d">Irvington.</subfield></datafield><datafield ind1="0" ind2="0" tag="780"><subfield code="t">Irvington herald and Irvington times</subfield><subfield code="w">(DLC)sn 88071156</subfield></datafield><datafield ind1="1" ind2=" " tag="787"><subfield code="t">Essex journal (Orange, N.J.)</subfield><subfield code="w">(DLC)sn 88071374</subfield></datafield></record>